@phdthesis{孙海雷2007改进的遗传算法求解,
  title={改进的遗传算法求解 TSP 问题},
  author={孙海雷},
  year={2007},
  school={重庆: 重庆大学}
}
